@article{fehr2007fairness,
author = {Fehr, Ernst and Klein, Alexander and Schmidt, Klaus M},
journal = {Econometrica},
mendeley-groups = {Master Thesis/Contract},
number = {1},
pages = {121--154},
publisher = {Wiley Online Library},
title = {{Fairness and contract design}},
volume = {75},
year = {2007}
}
@article{dufwenberg2011other,
author = {Dufwenberg, Martin and Heidhues, Paul and Kirchsteiger, Georg and Riedel, Frank and Sobel, Joel},
journal = {The Review of Economic Studies},
mendeley-groups = {Master Thesis/Contract},
number = {2},
pages = {613--639},
publisher = {Oxford University Press},
title = {{Other-regarding preferences in general equilibrium}},
volume = {78},
year = {2011}
}
@article{dhami2010existence,
author = {Dhami, Sanjit and Al-Nowaihi, Ali},
journal = {Journal of Public Economic Theory},
mendeley-groups = {Master Thesis/Contract},
number = {5},
pages = {897--922},
publisher = {Wiley Online Library},
title = {{Existence of a Condorcet Winner When Voters Have Other-Regarding Preferences}},
volume = {12},
year = {2010}
}
@article{fehr2007adding,
author = {Fehr, Ernst and Schmidt, Klaus M},
journal = {American Economic Review},
mendeley-groups = {Master Thesis/Contract},
number = {2},
pages = {177--181},
publisher = {JSTOR},
title = {{Adding a stick to the carrot? The interaction of bonuses and fines}},
volume = {97},
year = {2007}
}
@book{dhami2016foundations,
  title={The Foundations of Behavioral Economic Analysis},
  author={Dhami, Sanjit},
  year={2016},
  publisher={Oxford University Press}, 
  chapter={6}
}

