@article{ioannidis2005most,
author = {Ioannidis, John P A},
journal = {PLoS medicine},
mendeley-groups = {Master Thesis/Conclusao},
number = {8},
pages = {e124},
publisher = {Public Library of Science},
title = {{Why most published research findings are false}},
volume = {2},
year = {2005}
}
@article{ioannidis2017power,
author = {Ioannidis, John and Stanley, Tom D and Doucouliagos, Hristos},
journal = {The Economic Journal},
mendeley-groups = {Master Thesis/Conclusao},
number = {605},
publisher = {Wiley Online Library},
title = {{The power of bias in economics research}},
volume = {127},
year = {2017}
}
