@article{cameron1999raising,
  title={Raising the stakes in the ultimatum game: Experimental evidence from Indonesia},
  author={Cameron, Lisa A},
  journal={Economic Inquiry},
  volume={37},
  number={1},
  pages={47--59},
  year={1999},
  publisher={Wiley Online Library}
}