@book{smith1822theory,
  title={The theory of moral sentiments},
  author={Smith, Adam},
  volume={1},
  year={1822},
  publisher={J. Richardson}
}

@book{edgeworth1881mathematical,
  title={Mathematical psychics: An essay on the application of mathematics to the moral sciences},
  author={Edgeworth, Francis Ysidro},
  volume={10},
  year={1881},
  publisher={Kegan Paul}
}
@book{hausman2011preference,
  title={Preference, value, choice, and welfare},
  author={Hausman, Daniel M},
  year={2011},
  publisher={Cambridge University Press}
}
