@article{dana2006you,
author = {Dana, Jason and Cain, Daylian M and Dawes, Robyn M},
journal = {Organizational Behavior and Human Decision Processes},
mendeley-groups = {Master Thesis/Dictator},
number = {2},
pages = {193--201},
publisher = {Elsevier},
title = {{What you don't know won't hurt me: Costly (but quiet) exit in dictator games}},
volume = {100},
year = {2006}
}
@article{dana2007exploiting,
author = {Dana, Jason and Weber, Roberto A and Kuang, Jason Xi},
journal = {Economic Theory},
mendeley-groups = {Master Thesis/Dictator},
number = {1},
pages = {67--80},
publisher = {Springer},
title = {{Exploiting moral wiggle room: experiments demonstrating an illusory preference for fairness}},
volume = {33},
year = {2007}
}
@article{list2007interpretation,
author = {List, John A},
journal = {Journal of Political economy},
mendeley-groups = {Master Thesis/Dictator},
number = {3},
pages = {482--493},
publisher = {The University of Chicago Press},
title = {{On the interpretation of giving in dictator games}},
volume = {115},
year = {2007}
}
@book{camerer2011behavioral,
author = {Camerer, Colin},
mendeley-groups = {Master Thesis/Ultimatum,Master Thesis/Dictator},
publisher = {Princeton University Press},
title = {{Behavioral game theory: Experiments in strategic interaction}},
year = {2011}
}
@article{list2004young,
  title={Young, selfish and male: Field evidence of social preferences},
  author={List, John A},
  journal={Economic Journal},
  volume={114},
  number={492},
  pages={121--149},
  year={2004},
  publisher={Wiley Online Library}
}
